<?xml version="1.0" encoding="UTF-8"?><record xmlns="http://www.loc.gov/MARC21/slim" xmlns:cinclude="http://apache.org/cocoon/include/1.0" xmlns:zs="http://www.loc.gov/zing/srw/">
  <leader>00452cz  a2200133n  4500</leader>
  <controlfield tag="001">no2003005072</controlfield>
  <controlfield tag="003">DLC</controlfield>
  <controlfield tag="005">20030913071252.0</controlfield>
  <controlfield tag="008">030117n| acannaabn          |n ana      </controlfield>
  <datafield tag="010" ind1=" " ind2=" ">
    <subfield code="a">no2003005072</subfield>
  </datafield>
  <datafield tag="035" ind1=" " ind2=" ">
    <subfield code="a">(OCoLC)oca05951881</subfield>
  </datafield>
  <datafield tag="040" ind1=" " ind2=" ">
    <subfield code="a">DLC-S</subfield>
    <subfield code="b">eng</subfield>
    <subfield code="c">DLC-S</subfield>
  </datafield>
  <datafield tag="110" ind1="2" ind2=" ">
    <subfield code="a">Cerfe (Institution : Rome)</subfield>
  </datafield>
  <datafield tag="670" ind1=" " ind2=" ">
    <subfield code="a">Capital social (Yaoundé, Cameroon), mai 2002:</subfield>
    <subfield code="b">masthead (Cerfe) p. 13 (CERFE, un institut de formation et de recherche sociale basé à Rome)</subfield>
  </datafield>
</record>